[gd_scene load_steps=10 format=2]

[ext_resource path="res://video/final.ogv" type="VideoStream" id=1]
[ext_resource path="res://images/clipart2003704.png" type="Texture" id=2]
[ext_resource path="res://sounds/boop.mp3" type="AudioStream" id=3]
[ext_resource path="res://images/title.png" type="Texture" id=4]
[ext_resource path="res://sounds/export_correctly_2.ogg" type="AudioStream" id=5]

[sub_resource type="GDScript" id=1]
script/source = "extends Control

#export var next_scene: PackedScene

# Called when the node enters the scene tree for the first time.
func _ready():
	$VideoPlayer.connect(\"finished\", self, \"on_video_finished\")
	
	# pause the main scene for a sec
	get_tree().paused = true
#	get_tree().root.set_process(false)
#	get_tree().root.set_physics_process(false)
	
	yield(get_tree(), \"idle_frame\")
	
	Input.set_mouse_mode(Input.MOUSE_MODE_VISIBLE)

func resume_video():
	Talkiewalkie.click()
	$VideoPlayer.paused = false
	$AudioStreamPlayerEffects.play()

func on_video_finished():
	yield(get_tree().create_timer(2), \"timeout\")
	$ColorRect.visible = true
	yield(get_tree().create_timer(3), \"timeout\")
	
	#get_tree().change_scene_to(next_scene)
	
	get_tree().paused = false
#	get_tree().root.set_process(true)
#	get_tree().root.set_physics_process(true)
	
	#Input.set_mouse_mode(Input.MOUSE_MODE_CAPTURED)
	#queue_free()
	get_tree().quit()
"

[sub_resource type="GDScript" id=2]
script/source = "extends VideoPlayer


# Declare member variables here. Examples:
# var a = 2
# var b = \"text\"


# Called when the node enters the scene tree for the first time.
func _ready():
	play()
	for i in range(3):
		yield(get_tree(), \"idle_frame\")
	paused = true


# Called every frame. 'delta' is the elapsed time since the previous frame.
#func _process(delta):
#	pass
"

[sub_resource type="GDScript" id=3]
script/source = "extends TextureRect


# Declare member variables here. Examples:
# var a = 2
# var b = \"text\"


# Called when the node enters the scene tree for the first time.
func _ready():
	pass # Replace with function body.


# Called every frame. 'delta' is the elapsed time since the previous frame.
#func _process(delta):
#	pass


func _on_TextureRect_gui_input(event: InputEvent):
	if event.is_pressed():
		$AnimationPlayer.play(\"hide\")
		get_parent().resume_video()
"

[sub_resource type="Animation" id=4]
resource_name = "hide"
tracks/0/type = "value"
tracks/0/path = NodePath(".:rect_scale")
tracks/0/interp = 1
tracks/0/loop_wrap = true
tracks/0/imported = false
tracks/0/enabled = true
tracks/0/keys = {
"times": PoolRealArray( 0, 1 ),
"transitions": PoolRealArray( 0.164939, 1 ),
"update": 0,
"values": [ Vector2( 1, 1 ), Vector2( 1e-05, 1e-05 ) ]
}
tracks/1/type = "value"
tracks/1/path = NodePath(".:visible")
tracks/1/interp = 1
tracks/1/loop_wrap = true
tracks/1/imported = false
tracks/1/enabled = true
tracks/1/keys = {
"times": PoolRealArray( 0, 1 ),
"transitions": PoolRealArray( 1, 1 ),
"update": 1,
"values": [ true, false ]
}

[node name="Control" type="Control"]
pause_mode = 2
anchor_right = 1.0
anchor_bottom = 1.0
script = SubResource( 1 )
__meta__ = {
"_edit_use_anchors_": false
}

[node name="VideoPlayer" type="VideoPlayer" parent="."]
margin_right = 1280.0
margin_bottom = 720.0
stream = ExtResource( 1 )
script = SubResource( 2 )
__meta__ = {
"_edit_use_anchors_": false
}

[node name="AudioStreamPlayerMusic" type="AudioStreamPlayer" parent="."]
stream = ExtResource( 3 )
volume_db = -17.333
autoplay = true

[node name="AudioStreamPlayerEffects" type="AudioStreamPlayer" parent="."]
stream = ExtResource( 5 )

[node name="TextureRect" type="TextureRect" parent="."]
anchor_left = 0.5
anchor_top = 0.5
anchor_right = 0.5
anchor_bottom = 0.5
margin_left = -120.0
margin_top = -120.0
margin_right = 120.0
margin_bottom = 120.0
rect_pivot_offset = Vector2( 120, 120 )
texture = ExtResource( 2 )
expand = true
script = SubResource( 3 )
__meta__ = {
"_edit_use_anchors_": false
}

[node name="AnimationPlayer" type="AnimationPlayer" parent="TextureRect"]
anims/hide = SubResource( 4 )

[node name="ColorRect" type="Control" parent="."]
visible = false
anchor_right = 1.0
anchor_bottom = 1.0

[node name="TextureRect" type="TextureRect" parent="ColorRect"]
anchor_right = 1.0
anchor_bottom = 1.0
texture = ExtResource( 4 )

[connection signal="gui_input" from="TextureRect" to="TextureRect" method="_on_TextureRect_gui_input"]
